@ARTICLE{hyvarinen:1999,
    author = {A. Hyvarinen},
    title = {{Fast and robust fixed-point algorithms for independent component analysis}},
    journal = {IEEE Transactions on Neural Networks},
    volume = {10},
    pages = {626-634},
    year = {1999}
}

@ARTICLE{hyvarinen:2000,
    author = {A. Hyvarinen and E. Oja},
    title = {{Independent Component Analysis: algorithms and applications}},
    journal = {Neural Networks},
    volume = {13},
    pages = {411-430},
    year = {2000}
}

@INPROCEEDINGS{novey:2006,
    author = {M. Novey and T. Adali},
    title = {{Adaptable nonlinearity for complex maximization of nongaussianity and a
              fixed-point algorithm}},
    booktitle = {Proc. IEEE Workshop on Machine Learning for Signal Processing (MLSP)},
    address = {Maynooth, Ireland},
    pages = {79-84},
    month = {September},
    year = {2006}
}

@INPROCEEDINGS{novey:2007,
    author = {M. Novey and T. Adali},
    title = {{Complex fixed-point ICA algorithm for separation of QAM sources using
              Gaussian mixture model}},
    booktitle = {Proc. IEEE Int. Conf. Acoust., Speech, Signal Processing (ICASSP)},
    address = {Honolulu, Hawaii},
    month = {April},
    year = {2007}
}

@ARTICLE{novey:2008,
    author = {M. Novey and T. Adali},
    title = {{Complex ICA by negentropy maximization}},
    journal = {IEEE Trans. Neural Networks},
    volume = {19},
    number = {4},
    pages = {596-609},
    year = {2008}
}

@ARTICLE{novey:2008b,
    author = {M. Novey and T. Adali},
    title = {{On extending the complex FastICA algorithm to noncircular sources}},
    journal = {IEEE Trans. Signal Processing},
    volume = {56},
    number = {5},
    pages = {2148-2154},
    year = {2008}
}

@ARTICLE{blumensath:2009,
    author = {T. Blumensath and M.E. Davies},
    title = {{Iterative hard thresholding for compressed sensing}},
    journal = {Applied and Computational Harmonic Analysis},
    volume = {27},
    pages = {265-274},
    year = {2009}
}

@ARTICLE{needell:2009,
    author = {D. Needell and J.A. Tropp},
    title = {{CoSaMP: Iterative signal recovery from incomplete and inaccurate samples}},
    journal = {Applied and Computational Harmonic Analysis},
    volume = {26},
    pages = {301-321},
    year = {2009}
}

@ARTICLE{tharwat:2021,
    author = {A. Tharwat},
    title = {{Independent Component Analysis: an Introduction}},
    journal = {Applied Computing and Informatics},
    volume = {17},
    pages = {222-249},
    year = {2021}
}

@MISC{sklearn-bss,
    title = {{Blind source separation using FastICA}},
    howpublished = {\url{https://scikit-learn.org/stable/auto_examples/decomposition/plot_ica_blind_source_separation.html}},
    note = {Accessed: 2023-02-16}
}

@MISC{sklearn-fastica,
    title = {{sklearn.decomposition.FastICA}},
    howpublished = {\url{https://scikit-learn.org/stable/modules/generated/sklearn.decomposition.FastICA.html}},
    note = {Accessed: 2023-02-16}
}

@MISC{wikipedia-sparse-approximation,
    title = {{Sparse approximation}},
    howpublished = {\url{https://en.wikipedia.org/wiki/Sparse_approximation}},
    note = {Accessed: 2023-03-05}
}
